@misc{papertemplate,
  author = {{Mario GÃ¼nzel}},
  title  = {Paper Template},
  howpublished = {\url{https://github.com/marioguenzel/paper_template}},
  year   = {2005}
}